@article{Agarwala2004,
    author  = "Aseem Agarwala{,} Mira Dontcheva{,} Maneesh Agrawala{,} Steven Drucker{,} Alex Colburn{,} Brian Curless{,} David Salesin{,} and Michael Cohen",
    title   = "Interactive Digital Photomontage",
    year    = "2004",
    journal = "ACM Transactions on Graphics (Proceedings of SIGGRAPH 2004)"
}

@article{Bitouk2008,
author = {D. Bitouk and N. Kumar and S. Dhillon and P. N. Belhumeur and S. K. Nayar},
title = {Face Swapping: Automatically Replacing Faces in Photographs},
journal = {ACM Trans. on Graphics (also Proc. of ACM SIGGRAPH)},
month = {August},
year = {2008}
}

@article{Reinhard2001,
author = {Erik Reinhard, Michael Ashikhmin, Bruce Gooch, and Peter Shirley},
title = {Color Transfer between Images},
journal = {IEEE Computer Graphics and Applications},
Volume = {21},
Number = {5},
month = {September/October},
year = {2001},
pages   = "34 - 41"
}

@article{Perez2003,
   Author = {P\'{e}rez, P. and Gangnet, M. and Blake, A.},
   Title = {Poisson image editing},
   Journal = {ACM Transactions on Graphics (SIGGRAPH'03)},
   Volume = {22},
   Number = {3},
   Pages = {313--318},
   Year = {2003}
}

@article{Farbman2009,
    author = {Farbman, Zeev and Hoffer, Gil and Lipman, Yaron and Or, Daniel C. and Lischinski, Dani},
    journal = {ACM Trans. Graph.},
    pages = {1--9},
    title = {Coordinates for instant image cloning},
    volume = {28},
    year = {2009}
}

@MISC{website:ModestoCastrillonSantana,
    author = "Modesto Castrillon Santana",
    title   = "{Facial feature xml cascades for OpenCV}",
    month   = "August",
    year    = "2009",
    howpublished = "\url{http://mozart.dis.ulpgc.es/Glas/modesto_eng.html}"
}

@MISC{website:TommerLeyvand,
    author  = "Tommer Leyvand",
    title   = "{Advanced Topics in Computer Graphics: Poisson Image Editing.}",
    month   = "October",
    year    = "2009",
    howpublished = "\url{http://leyvand.com/research/adv-graphics/ex1.htm}"
}

@MISC{website:faceimages,
    author = "Mike Mike",
    title   = "{Face of Tomorrow - Flickr istanbulmike's photostream}",
    month   = "October",
    year    = "2009",
    howpublished = "\url{http://www.flickr.com/photos/istanbulmike}"
}
